% Encoding: ISO-8859-1

@MastersThesis{bindl2014optimierung,
  author = {Thomas Bindl},
  title =  {Optimierung und {E}valuation von {D}etektionsalgorithmen für die {M}alariadiagnose},
  school = {Friedrich-Alexander-Universität Erlangen-Nürnberg},
  year =   {2014}
}

@Article{khan2014nonlinear,
  author =    {Khan, Adnan Mujahid and Rajpoot, Nasir and Treanor, Darren and Magee, Derek},
  title =     {A nonlinear mapping approach to stain normalization in digital histopathology images using image-specific color deconvolution},
  journal =   {Biomedical Engineering, IEEE Transactions on},
  year =      {2014},
  volume =    {61},
  number =    {6},
  pages =     {1729--1738},
  publisher = {IEEE}
}

@InCollection{krappe2015dynamic,
  author =    {Krappe, Sebastian and M{\"u}nzenmayer, Christian and Evert, Amrei and Koyuncu, Can Fahrettin and Cetin, Enis and Haferlach, Torsten and Wittenberg, Thomas and Held, Christian},
  title =     {Dynamic Programming for the Segmentation of Bone Marrow Cells},
  booktitle = {Bildverarbeitung f{\"u}r die Medizin 2015},
  publisher = {Springer},
  year =      {2015},
  pages =     {359--364}
}

@InProceedings{macenko2009method,
  author =    {Macenko, Marc and Niethammer, Marc and Marron, JS and Borland, David and Woosley, John T and Guan, Xiaojun and Schmitt, Charles and Thomas, Nancy E},
  title =     {A Method for Normalizing Histology Slides for Quantitative Analysis.},
  booktitle = {ISBI},
  year =      {2009},
  volume =    {9},
  pages =     {1107--1110}
}

@Article{ruifrok2001quantification,
  author =  {Ruifrok, Arnout C and Johnston, Dennis A},
  title =   {Quantification of histochemical staining by color deconvolution.},
  journal = {Analytical and quantitative cytology and histology/the International Academy of Cytology [and] American Society of Cytology},
  year =    {2001},
  volume =  {23},
  number =  {4},
  pages =   {291--299}
}
